<record><leader>00000cas a22000007a 4500</leader><controlfield tag="001">21121724</controlfield><controlfield tag="008">900226d19041916nhuwr ne      0    0eng d</controlfield><datafield ind1=" " ind2=" " tag="010"><subfield code="a">sn 90062227 </subfield></datafield><datafield ind1=" " ind2=" " tag="040"><subfield code="a">NVH</subfield><subfield code="b">eng</subfield><subfield code="c">NVH</subfield><subfield code="d">OCLCQ</subfield></datafield><datafield ind1=" " ind2=" " tag="042"><subfield code="a">msc</subfield></datafield><datafield ind1="0" ind2="4" tag="245"><subfield code="a">The Whitefield times.</subfield></datafield><datafield ind1=" " ind2=" " tag="260"><subfield code="a">Whitefield, N.H. :</subfield><subfield code="b">H.L. Robinson</subfield></datafield><datafield ind1=" " ind2=" " tag="300"><subfield code="a">v.</subfield></datafield><datafield ind1=" " ind2=" " tag="310"><subfield code="a">Weekly</subfield></datafield><datafield ind1="0" ind2=" " tag="362"><subfield code="a">Vol. 7, no. 21 (June 3, 1904)-v. 19, no. 46 (Nov. 15, 1916).</subfield></datafield><datafield ind1=" " ind2=" " tag="500"><subfield code="a">Published in Lancaster, N.H., Oct. 4, 1907-Nov. 15, 1916.</subfield></datafield><datafield ind1=" " ind2=" " tag="752"><subfield code="a">United States</subfield><subfield code="b">New Hampshire</subfield><subfield code="c">Coos</subfield><subfield code="d">Lancaster.</subfield></datafield><datafield ind1=" " ind2=" " tag="752"><subfield code="a">United States</subfield><subfield code="b">New Hampshire</subfield><subfield code="c">Coos</subfield><subfield code="d">Whitefield.</subfield></datafield><datafield ind1="0" ind2="0" tag="780"><subfield code="a">White Mountain times</subfield><subfield code="w">(DLC)sn 90062228</subfield></datafield><datafield ind1="0" ind2="4" tag="785"><subfield code="t">Coos County Democrat (Lancaster, N.H. : 1884)</subfield><subfield code="w">(DLC)sn 91066511</subfield></datafield></record>